% Encoding: UTF-8
% Coloca em negrito o título das publicações
@Preamble{"\newcommand{\titleset}[1]{\textbf{#1}} "}

@article{Abbasi2011,
  author    = {Abbasi, Alireza and Altmann, J{\"{o}}rn and Hossain, Liaquat},
  issn      = {17511577},
  journal   = {Journal of Informetrics},
  number    = {4},
  pages     = {594--607},
  publisher = {Elsevier Ltd},
  title     = {\titleset{Identifying the effects of co-authorship networks on the performance of scholars: A correlation and regression analysis of performance measures and social network analysis measures}},
  volume    = {5},
  year      = {2011},
  note      = {{d}oi:\href{https://www.faa.gov/newsroom/small-unmanned-aircraft-systems-uas-regulations-part-107?newsId=22615}}
}

@article{DUggento2016,
  author  = {D'Uggento, Angela Maria and Ricci, Vito and Toma, Ernesto},
  issn    = {20705948},
  journal = {Electronic Journal of Applied Statistical Analysis},
  number  = {4},
  pages   = {655--674},
  title   = {\titleset{An indicator proposal to evaluate research activities based on Scimago institutions ranking (SIR) data: An application for italian high education institutions}},
  volume  = {9},
  year    = {2016},
  note    = {{d}oi:\href{http://dx.doi.org/10.1285/i20705948v9n4p655}{10.1285/i20705948v9n4p655}}
}

@article{Villasenor-Almaraz2019,
  author    = {Villase{\~{n}}or-Almaraz, Moises and Islas-Serrano, Juan and Murata, Chiharu and Roldan-Valadez, Ernesto},
  isbn      = {0123456789},
  issn      = {0033-8362},
  journal   = {La radiologia medica},
  month     = {jun},
  number    = {6},
  pages     = {495--504},
  publisher = {Springer Milan},
  title     = {\titleset{Impact factor correlations with Scimago Journal Rank, Source Normalized Impact per Paper, Eigenfactor Score, and the CiteScore in Radiology, Nuclear Medicine {\&} Medical Imaging journals}},
  volume    = {124},
  year      = {2019},
  note      = {{d}oi:\href{http://dx.doi.org/10.1007/s11547-019-00996-z}{10.1007/s11547-019-00996-z}}
}

@inproceedings{Li2008,
  author    = {Li, Guoliang and Ooi, Beng Chin and Feng, Jianhua and Wang, Jianyong and Zhou, Lizhu},
  booktitle = {Proceedings of the 2008 ACM SIGMOD international conference on Management of data - SIGMOD '08},
  isbn      = {9781605581026},
  issn      = {07308078},
  pages     = {903},
  publisher = {ACM Press},
  title     = {\titleset{EASE: an effective 3-in-1 keyword search method for unstructured, semi-structured and structured data}},
  year      = {2008},
  note      = {{d}oi:\href{http://dx.doi.org/10.1145/1376616.1376706}{10.1145/1376616.1376706}}
}

@misc{Annals2021,
  author        = {{ANNALS}},
  title         = {\titleset{Annals of Internal Medicine}},
  year          = {2021},
  url           = {https://www.acpjournals.org/doi/10.7326/0003-4819-158-1-201301010-00012/},
  urlaccessdate = {10 abr. 2021}
}

@misc{faa2018,
  author = {{FAA}},
  title = {Regulamentos para pequenas aeronaves não tripuladas (Parte 107)},
  year = {2018},
  url = {https://www.faa.gov/newsroom/small-unmanned-aircraft-systems-uas-regulations-part-107},
  urldate = {12 de março de 2024}
}

@misc{Bakach2020,
  author = {{Bakach I, Campbell AM, Ehmke JF}},
  title = {Uma rede de entrega urbana de dois 
níveis com entregas baseadas em robôs},
  year = {2020},
  url = {https://onlinelibrary.wiley.com/doi/abs/10.1002/net.22024},
  urldate = {12 de março de 2024}
}

@misc{BoysenN2018,
  author = {{Boysen N, Schwerdfeger S, Weidinger F}},
  title = {Agendamento de entregas de última 
milha com robôs autônomos baseados em caminhões},
  year = {2018},
  url = {https://www.sciencedirect.com/science/article/abs/pii/S0377221718304776?via%3Dihub},
  urldate = {13 de março de 2024}
}

@misc{Speed2024,
  author = {{SpeedBird}},
  title = {Go Beyond. Deliver with Speedbird.},
  year = {2024},
  url = {https://www.speedbird.aero/},
  urldate = {09 de março de 2024}
}

@misc{Wing2024,
  author = {{Wing}},
  title = {How Wing drone delivery works.},
  year = {2024},
  url = {https://wing.com/how-it-works/},
  urldate = {09 de março de 2024}
}

@misc{Ifood2022,
  author = {{InstitucionalIfood}},
  title = {Delivery sustentável: saiba o que são as entregas feitas preservando os recursos do 
planeta.},
  year = {2022},
  url = {https://institucional.ifood.com.br/noticias/delivery-sustentavel-saiba-o-que-sao-as-entregas-feitas-preservando-os-recursos-do-planeta/},
  urldate = {19 de abril de 2024}
}

@misc{Ifood2021,
  author = {{InstitucionalIfood}},
  title = {O céu é o limite: drones complementam nossas entregas.},
  year = {2021},
  url = {https://institucional.ifood.com.br/inovacao/o-ceu-e-o-limite-drones-complementam-nossas-entregas/},
  urldate = {19 de abril de 2024}
}

@misc{Semrush2023,
  author = {{CASAGRANDE, Erich}},
  title = {O que é tráfego pago, quais os tipos e como fazer. },
  year = {2023},
  url = {https://pt.semrush.com/blog/trafego-pago/},
  urldate = {19 de abril de 2024}
}

@inproceedings{yanique2023drone,
  title={DRONE DELIVERY AN INNOVATION SOLUTION IN BUSINESS LOGISTICS},
  author={Yanique, Nzegang Shuinjio},
  booktitle={Young Scientist, Conference/Jaunasis mokslininkas, konferencija},
  pages={129--132},
  year={2023}
}

@article{cornell2023drones,
  title={Drones take to the sky, potentially disrupting last-mile delivery},
  author={Cornell, A and Kloss, B and Presser, D and Riedel, R},
  journal={McKinsey \& Company},
  volume={3},
  year={2023}
}

@misc{Submit2022,
  author = {{Submmit Mobilidade}},
  title = {Delivery com drone: veja como funciona primeiro serviço do Brasil.},
  year = {2022},
  url = {https://summitmobilidade.estadao.com.br/ir-e-vir-no-mundo/delivery-com-drone-veja-como-funciona-primeiro-servico-do-brasil/},
  urldate = {19 de abril de 2024}
}

@misc{DusunIot,
  author = {{DusunIot}},
  title = {Gerenciamento Inteligente de elevadores baseado em soluções IoT.},
  year = {2023},
  url = {https://www.dusuniot.com/pt/blog/smart-elevator-management-basedon-iot-solutions},
  urldate = {19 de abril de 2024}
}

@misc{CondoCash,
  author = {{CondoCash}},
  title = {Carregador de carro elétrico em condomínio: instalação, custos e rateio.},
  year = {2023},
  url = {https://condocash.com.br/carregador-de-carro-eletricoem-condominio-instalacao-custos-e-rateio/},
  urldate = {19 de abril de 2024}
}

@misc{ICHI.PRO,
  author = {{ICHI.PRO}},
  title = {Quanto custa desenvolver um aplicativo IoT.},
  year = {2023},
  url = {https://ichi.pro/pt/quanto-custa-desenvolver-um-aplicativo-iot139847436955240#google_vignette},
  urldate = {20 de abril de 2024}
}

@misc{NR12,
  author = {{NR 12}},
  title = {NR 12: Guia completo sobre esta Norma Regulamentadora.},
  year = {2021},
  url = {https://normatiza.app/blog/nr-12/},
  urldate = {15 de março de 2024}
}

@misc{ISO/TS15066,
  author = {{ISO/TS1506}},
  title = {ISO/TS 15066: SAIBA TUDO SOBRE A ESPECIFICAÇÃO ISO PARA ROBÔS 
COLABORATIVOS.},
  year = {2021},
  url = {https://www.universal-robots.com/br/blog/isots-/},
  urldate = {25 abril de 2024}
}

@misc{(BCG),
  author = {{BCG}},
  title = {Robótica vai crescer até 10 vezes e pode chegar a US\$ 20 bilhões de faturamento no fim da década.},
  year = {2021},
  url = {https://valorinveste.globo.com/objetivo/empreenda-se/noticia/2021/09/04/robotica-vai-crescer-ate-10-vezes-e-pode-chegar-a-us-260-bilhoes-de-faturamento-no-fim-da-decada.html},
  urldate = {23 abril de 2024}
}

@misc{(ISO10218),
  author = {{ISO10218}},
  title = {Robôs e dispositivos robóticos - Requisitos de segurança para robôs industriais.},
  year = {2018},
  url = {https://pt.scribd.com/document/660007913/NBR-ISO-10218-1-de-05-2018-Requisitos-de-Seguranca-Para-Robos-Industriais-Parte-1-Robos},
  urldate = {25 abril de 2024}
}

@misc{(RBAC-E),
  author = {{RBAC-E}},
  title = {https://www.anac.gov.br/assuntos/legislacao/legislacao-1/rbha-e-rbac/rbac/rbac-e-94.},
  year = {2024},
  url = {https://www.anac.gov.br/assuntos/legislacao/legislacao-1/rbha-e-rbac/rbac/rbac-e-94},
  urldate = {19 abril de 2024}
}

@misc{(ICA100),
  author = {{NORMA ICA 100 - 40}},
  title = {Aeronaves não tripuladas e o acesso ao espaço aéreo brasileiro.},
  year = {2023},
  url = {https://www.decea.mil.br/drone/docs/ICA%20100-40%20-%20Aeronaves%20n%C3%A3o%20Tripuladas%20e%20o%20Acesso%20ao%20Espa%C3%A7
o%20A%C3%A9reo%20Brasileiro%202023%20-%20BCA%20103%2006.06.23.pdf},
  urldate = {19 abril de 2024}
}



@book{mitchell1997machine,
  title     = {\titleset{Machine learning}},
  author    = {Mitchell, Tom M and others},
  year      = {1997},
  publisher = {McGraw-hill New York},
  pages     = {432}
}